@article{voss2021visualizing,
  title={Visualizing weights},
  author={Voss, Chelsea and Cammarata, Nick and Goh, Gabriel and Petrov, Michael and Schubert, Ludwig and Egan, Ben and Lim, Swee Kiat and Olah, Chris},
  journal={Distill},
  volume={6},
  number={2},
  pages={e00024--007},
  year={2021}
}


@MISC{Snaped,
author = {StackOverflow},
title = {Plotting images side by side using matplotlib},
month = fevereiro,
year = {2017},
howpublished={url{https://stackoverflow.com/questions/41793931/plotting-images-side-by-side-using-matplotlib/66961099#66961099}}
}